@book{schoening,
    author    = {Sch\"oning,Uwe},
    title     = {Algorithmik},
    publisher = {Spektrum Akademischer Verlag},
    year      = {2001},
    pages     = {215--227},
    keywords  = {buch}
}

@book{algo,
    author    = {Cormen Leiserson Rivest Stein},
    title     = {Algorithmen - Eine Einf\"uhrung},
    publisher = {Oldenbourg Verlag},
    year      = {2013},
    pages     = {727--749},
    keywords  = {buch}
}

@book{kripfganz,
    author    = {Jochen Kripfganz},
    title     = {Fl\"usse in Netzwerken},
    pages     = {29--36},
    keywords  = {vorlesung}
}

@online{optiv,
    author     = {Mike H\"uftle},
    title      = {Methoden der Graphentheorie - Optimierung in Graphen},
    url        = {http://www.optiv.de/Methoden/GraphOpt/index.htm?1},
    urldate    = {2015-03-09},
    keywords   = {internet}
}

@online{tudortmund,
    author     = {TU Dortmund - Lehrstuhl Informatik},
    title      = {Graphen und Netzwerke},
    url        = {http://ls4-www.cs.tu-dortmund.de/Lehre/02-41205/abschnitt_03.pdf},
    urldate    = {2015-03-09},
    keywords   = {internet}
}

@online{edmkarp,
    author     = {Cornell University},
    title      = {Edmond-Karp-Algorithmus},
    url        = {http://www.cs.cornell.edu/courses/cs4820/2012su/handouts/edmondskarp.pdf
    },
    urldate    = {2015-03-13},
    keywords   = {internet}
}

@online{bellford,
    author     = {Wikipedia},
    title      = {Bellman-Ford-Algorithmus},
    url        = {http://de.wikipedia.org/wiki/Bellman-Ford-Algorithmus},
    urldate    = {2015-03-13},
    keywords   = {internet}
}